
@Manual{Jackman:2015,
  title = {\pkg{pscl}: Classes and Methods for \proglang{R} Developed in the Political
  Science Computational Laboratory, Stanford University},
  author = {Simon Jackman},
  year = {2015},
  note = {\proglang{R} package version 1.4.9},
  url = {https://CRAN.R-project.org/package=pscl},
}
@Article{Stasinopoulos+Rigby:2007,
  author = {D. Mikis Stasinopoulos and Robert A. Rigby},
  title = {Generalized Additive Models for Location Scale and Shape ({GAMLSS}) in
  \proglang{R}},
  journal = {Journal of Statistical Software},
  year = {2007},
  volume = {23},
  number = {7},
  pages = {1--46},
  doi = {10.18637/jss.v023.i07},
}

@misc{tabularDATA,
  doi = {10.48550/ARXIV.2207.08815},

  url = {https://arxiv.org/abs/2207.08815},

  author = {Grinsztajn, Léo and Oyallon, Edouard and Varoquaux, Gaël},

  keywords = {Machine Learning (cs.LG), Artificial Intelligence (cs.AI), Methodology
  (stat.ME), Machine Learning (stat.ML), FOS: Computer and information sciences, FOS:
  Computer and information sciences},

  title = {Why do tree-based models still outperform deep learning on tabular data?},

  publisher = {arXiv},

  year = {2022},

  copyright = {arXiv.org perpetual, non-exclusive license}
}

@article{Heath93inductionof,
    author = {David Heath and Simon Kasif and Steven Salzberg},
    title = {Induction of Oblique Decision Trees},
    journal = {Journal of Artificial Intelligence Research},
    year = {1993},
    volume = {2},
    number = {2},
    pages = {1--32}
}

@Manual{R,
  title = {\proglang{R}: {A} Language and Environment for Statistical Computing},
  author = {{\proglang{R} Core Team}},
  organization = {\proglang{R} Foundation for Statistical Computing},
  address = {Vienna, Austria},
  year = {2017},
  url = {https://www.R-project.org/},
}
@article{rainforth2015canonical,
  title={Canonical correlation forests},
  author={Rainforth, Tom and Wood, Frank},
  journal={arXiv preprint arXiv:1507.05444},
  year={2015}
}

@article{biau2008consistency,
  title={Consistency of random forests and other averaging classifiers.},
  author={Biau, G{\'e}rard and Devroye, Luc and Lugosi, G{\"a}bor},
  journal={Journal of Machine Learning Research},
  volume={9},
  number={9},
  year={2008}
}
@article{tomita2020sparse,
  title={Sparse projection oblique randomer forests},
  author={Tomita, Tyler M and Browne, James and Shen, Cencheng and Chung, Jaewon and
  Patsolic, Jesse L and Falk, Benjamin and Priebe, Carey E and Yim, Jason and Burns, Randal
  and Maggioni, Mauro and others},
  journal={Journal of machine learning research},
  volume={21},
  number={104},
  year={2020}
}
@article{breiman2001random,
  title={Random forests},
  author={Breiman, Leo},
  journal={Machine learning},
  volume={45},
  number={1},
  pages={5--32},
  year={2001},
  publisher={Springer}
}
@article{silva2021projection,
  title={A projection pursuit forest algorithm for supervised classification},
  author={Silva, Natalia da and Cook, Dianne and Lee, Eun-Kyung},
  journal={Journal of Computational and Graphical Statistics},
  volume={30},
  number={4},
  pages={1168--1180},
  year={2021},
  publisher={Taylor \& Francis}
}
@inproceedings{menze2011oblique,
  title={On oblique random forests},
  author={Menze, Bjoern H and Kelm, B Michael and Splitthoff, Daniel N and Koethe, Ullrich
  and Hamprecht, Fred A},
  booktitle={Joint European Conference on Machine Learning and Knowledge Discovery in
  Databases},
  pages={453--469},
  year={2011},
  organization={Springer}
}
@article{blaser2016random,
  title={Random rotation ensembles},
  author={Blaser, Rico and Fryzlewicz, Piotr},
  journal={The Journal of Machine Learning Research},
  volume={17},
  number={1},
  pages={126--151},
  year={2016},
  publisher={JMLR. org}
}
@article{athey2019generalized,
  title={Generalized random forests},
  author={Athey, Susan and Tibshirani, Julie and Wager, Stefan},
  journal={The Annals of Statistics},
  volume={47},
  number={2},
  pages={1148--1178},
  year={2019},
  publisher={Institute of Mathematical Statistics}
}
@article{zhu2015reinforcement,
  title={Reinforcement learning trees},
  author={Zhu, Ruoqing and Zeng, Donglin and Kosorok, Michael R},
  journal={Journal of the American Statistical Association},
  volume={110},
  number={512},
  pages={1770--1784},
  year={2015},
  publisher={Taylor \& Francis}
}
@inproceedings{chen2016xgboost,
  title={\pkg{Xgboost}: A scalable tree boosting system},
  author={Chen, Tianqi and Guestrin, Carlos},
  booktitle={Proceedings of the 22nd acm sigkdd international conference on knowledge
  discovery and data mining},
  pages={785--794},
  year={2016}
}
@article{2006Extremely,
  title={Extremely randomized trees},
  author={ Geurts, P.  and  Ernst, D.  and  Wehenkel, L. },
  journal={Machine Learning},
  volume={63},
  number={1},
  pages={3-42},
  year={2006},
}
@article{2014Learning,
  title={Learning Nonlinear Functions Using Regularized Greedy Forest},
  author={ Johnson, R.  and  Tong, Z. },
  journal={IEEE Trans Pattern Anal Mach Intell},
  volume={36},
  number={5},
  pages={942-954},
  year={2014},
}
@article{2020Generalized,
  title={Generalized linear mixed-model (GLMM) trees: A flexible decision-tree method for
  multilevel and longitudinal data},
  author={ Fokkema, Marjolein  and  Edbrooke-Childs, Julian  and  Wolpert, Miranda },
  journal={Psychotherapy Research},
  number={22},
  pages={1-13},
  year={2020},
}
@article{Grubinger2014ectree,
  title={\pkg{evtree}: Evolutionary Learning of Globally Optimal Classification and
  Regression Trees in \proglang{R}},
  author={Grubinger and Zeileis and Pfeiffer and KP},
  journal={J STAT SOFTW},
  year={2014},
}
@article{2000Therneau,
  title={Therneau T.M. (2000) An Introduction to Recursive Partitioning Using the RPART
  Routines},
  author={ Atkinson, E. J. },
  journal={Rochester Mayo Foundation},
  year={2000},
}
@article{2015Partykit,
  title={\pkg{Partykit}: a modular toolkit for recursive partytioning in \proglang{R}},
  author={ Hothorn, T.  and  Zeileis, A. },
  journal={The Journal of Machine Learning Research},
  number={1},
  year={2015},
}
@article{lau2022package,
  title={Package \pkg{logicDT}},
  author={Lau, Michael and Lau, Maintainer Michael},
  year={2022}
}
@article{zhan2022consistency,
  title={Consistency of The Oblique Decision Tree and Its Random Forest},
  author={Zhan, Haoran and Liu, Yu and Xia, Yingcun},
  journal={arXiv preprint arXiv:2211.12653},
  year={2022}
}
@inproceedings{quinlan1987decision,
  title={Decision trees as probabilistic classifiers},
  author={Quinlan, J Ross},
  booktitle={Proceedings of the Fourth International Workshop on Machine Learning},
  pages={31--37},
  year={1987},
  organization={Elsevier}
}
@article{quinlan1993program,
  title={Program for machine learning},
  author={Quinlan, J Ross},
  journal={\emph{C4. 5}},
  year={1993},
  publisher={Morgan Kaufmann Pub}
}
@inproceedings{lee2015fast,
  title={Fast and accurate head pose estimation via random projection forests},
  author={Lee, Donghoon and Yang, Ming-Hsuan and Oh, Songhwai},
  booktitle={Proceedings of the IEEE International Conference on Computer Vision},
  pages={1958--1966},
  year={2015}
}
@article{hothorn2006unbiased,
  title={Unbiased recursive partitioning: A conditional inference framework},
  author={Hothorn, Torsten and Hornik, Kurt and Zeileis, Achim},
  journal={Journal of Computational and Graphical statistics},
  volume={15},
  number={3},
  pages={651--674},
  year={2006},
  publisher={Taylor \& Francis}
}
@article{maia2022gp,
  title={\pkg{GP-BART}: a novel Bayesian additive regression trees approach using Gaussian
  processes},
  author={Maia, Mateus and Murphy, Keefe and Parnell, Andrew C},
  journal={arXiv preprint arXiv:2204.02112},
  year={2022}
}
@misc{zeileis2015parties,
  title={Parties, Models, Mobsters: A New Implementation of Model-Based Recursive
  Partitioning in R},
  author={Zeileis, Achim and Hothorn, Torsten},
  year={2015},
  publisher={Retrieved 2019-10-15, from https://cran. rstudio. org/web/packages/partykit~…}
}
@article{lee2018pptreeviz,
  title={\pkg{PPtreeViz}: An R package for visualizing projection pursuit classification
  trees},
  author={Lee, Eun-Kyung},
  journal={Journal of Statistical Software},
  volume={83},
  pages={1--30},
  year={2018}
}
@phdthesis{truong2009fast,
  title={Fast growing and interpretable oblique trees via logistic regression models},
  author={Truong, Alfred Kar Yin},
  year={2009},
  school={Oxford University, UK}
}
@article{katuwal2020heterogeneous,
  title={Heterogeneous oblique random forest},
  author={Katuwal, Rakesh and Suganthan, Ponnuthurai Nagaratnam and Zhang, Le},
  journal={Pattern Recognition},
  volume={99},
  pages={107078},
  year={2020},
  publisher={Elsevier}
}
@article{friedman1981projection,
  title={Projection pursuit regression},
  author={Friedman, Jerome H and Stuetzle, Werner},
  journal={Journal of the American statistical Association},
  volume={76},
  number={376},
  pages={817--823},
  year={1981},
  publisher={Taylor \& Francis}
}
 @Manual{Pursuit,
    title = {Projection Pursuit},
    author = {Paulo Cesar Ossani and Marcelo Angelo Cirillo},
    year = {2022},
    note = {R package version 1.0.3},
    url = {https://CRAN.R-project.org/package=Pursuit},
  }
@incollection{cook2008grand,
  title={Grand tours, projection pursuit guided tours, and manual controls},
  author={Cook, Dianne and Buja, Andreas and Lee, Eun-Kyung and Wickham, Hadley},
  booktitle={Handbook of data visualization},
  pages={295--314},
  year={2008},
  publisher={Springer}
}
  @Book{nnet,
    title = {Modern Applied Statistics with S},
    author = {W. N. Venables and B. D. Ripley},
    publisher = {Springer},
    edition = {Fourth},
    address = {New York},
    year = {2002},
    note = {ISBN 0-387-95457-0},
    url = {https://www.stats.ox.ac.uk/pub/MASS4/},
  }
 @Article{randomForest,
    title = {Classification and Regression by randomForest},
    author = {Andy Liaw and Matthew Wiener},
    journal = {R News},
    year = {2002},
    volume = {2},
    number = {3},
    pages = {18-22},
    url = {https://CRAN.R-project.org/doc/Rnews/},
  }
